@article{factcheck,
	Title = {How To Spot Fake News},
	Author = {Kiely, Eugene and Robertson, Lori},
	Journal = {FactCheck.org},
	Month = {November},
	Year = {2016},
	Annote = {http://www.factcheck.org/2016/11/how-to-spot-fake-news/}
}

@article{buzzfeed,
	Title = {This Analysis Shows How Viral Fake Election News Stories Outperformed Real News On Facebook},
	Author = {Silverman, Craig},
	Journal = {BuzzFeed News},
	Month = {November},
	Year = {2017},
	Annote = {https://www.buzzfeed.com/craigsilverman/viral-fake-election-news-outperformed-real-news-on-facebook}
}

@article{guardian,
	Title = {What is Fake News? How to spot it and what you can do to stop it},
	Author = {Hunt, Elle},
	Journal = {The Guardian},
	Month = {December},
	Year = {2016},
	Annote = {https://www.theguardian.com/media/2016/dec/18/what-is-fake-news-pizzagate}
}

@article{pizzagate,
	Title={Gunman in `Pizzagate' Shooting is Sentenced to 4 Years in Prison},
	Author={Haag, Matthew and Salam, Maya},
	Journal={The New York Times},
	Month={June},
	Year={2017},
	Annote={https://www.nytimes.com/2017/06/22/us/pizzagate-attack-sentence.html}
}

@misc{zuckerberg,
	Author={Zuckerberg, Mark},
	Month={November},
	Year={2016},
	Howpublished={Facebook.com},
	Annote={https://www.facebook.com/zuck/posts/10103269806149061}
}